<?xml version="1.0" encoding="UTF-8"?><record xmlns="http://www.loc.gov/MARC21/slim" xmlns:cinclude="http://apache.org/cocoon/include/1.0" xmlns:zs="http://www.loc.gov/zing/srw/">
  <leader>00375nz  a2200121n  4500</leader>
  <controlfield tag="001">n 2012008634</controlfield>
  <controlfield tag="003">DLC</controlfield>
  <controlfield tag="005">20120207074947.0</controlfield>
  <controlfield tag="008">120206n| acannaabn          |n aaa      </controlfield>
  <datafield tag="010" ind1=" " ind2=" ">
    <subfield code="a">n 2012008634</subfield>
  </datafield>
  <datafield tag="040" ind1=" " ind2=" ">
    <subfield code="a">DLC</subfield>
    <subfield code="b">eng</subfield>
    <subfield code="c">DLC</subfield>
  </datafield>
  <datafield tag="100" ind1="1" ind2=" ">
    <subfield code="a">Zakharchenko, V. I︠U︡.</subfield>
  </datafield>
  <datafield tag="670" ind1=" " ind2=" ">
    <subfield code="a">Podatok na dodanu vartistʹ, 2011:</subfield>
    <subfield code="b">t.p. (... V. I︠U︡. Zakharchenka) p. [3] (Zakharchenko V. I︠U︡.)</subfield>
  </datafield>
</record>